<?xml version="1.0" encoding="UTF-8"?><collection xmlns="http://www.loc.gov/MARC21/slim"><record><leader>00416nam--2200157-i-4500</leader><controlfield tag="001">000025928</controlfield><controlfield tag="002">20161230</controlfield><controlfield tag="005">20170121234814</controlfield><controlfield tag="008">060222s1000------------r-----000-0-eng-d</controlfield><datafield ind1=" " ind2=" " tag="080"><subfield code="a">541.15</subfield></datafield><datafield ind1=" " ind2=" " tag="100"><subfield code="a">Joliot-Curie, Irene</subfield></datafield><datafield ind1=" " ind2=" " tag="245"><subfield code="a">Lesradioelements naturels. Proprietes chimiques-dosage-preparation</subfield></datafield><datafield ind1=" " ind2=" " tag="260"><subfield code="a">Paris</subfield><subfield code="b">Herman</subfield><subfield code="c">1946</subfield></datafield><datafield ind1=" " ind2=" " tag="300"><subfield code="a">191 p.+1 tab</subfield></datafield><datafield ind1=" " ind2=" " tag="852"><subfield code="a">10686</subfield></datafield><datafield ind1=" " ind2=" " tag="CAT"><subfield code="a">SYS</subfield><subfield code="c">20170121</subfield><subfield code="h">234814</subfield></datafield></record></collection>